<record><leader>00000cas a2200000 a 4500</leader><controlfield tag="001">6168829</controlfield><controlfield tag="007">cr un|||||||||</controlfield><controlfield tag="008">800404d19772000okumr ne      0    0eng c</controlfield><datafield ind1=" " ind2=" " tag="010"><subfield code="a">sn 89051087 </subfield></datafield><datafield ind1=" " ind2=" " tag="040"><subfield code="a">GZN</subfield><subfield code="b">eng</subfield><subfield code="c">GZN</subfield><subfield code="d">HUL</subfield><subfield code="d">DLC</subfield><subfield code="d">HUL</subfield><subfield code="d">NST</subfield><subfield code="d">DLC</subfield><subfield code="d">ANU</subfield><subfield code="d">DLC</subfield><subfield code="d">ANU</subfield><subfield code="d">YOX</subfield><subfield code="d">ANU</subfield><subfield code="d">OBN</subfield><subfield code="d">CNK</subfield><subfield code="d">CUS</subfield><subfield code="d">CVF</subfield><subfield code="d">NYS</subfield><subfield code="d">NSD</subfield><subfield code="d">CUS</subfield><subfield code="d">ZP2</subfield><subfield code="d">HVL</subfield><subfield code="d">OCLCQ</subfield><subfield code="d">OCLCF</subfield></datafield><datafield ind1=" " ind2=" " tag="012"><subfield code="j">0</subfield></datafield><datafield ind1="1" ind2=" " tag="029"><subfield code="a">AU@</subfield><subfield code="b">000023645775</subfield></datafield><datafield ind1=" " ind2=" " tag="042"><subfield code="a">pcc</subfield></datafield><datafield ind1=" " ind2=" " tag="043"><subfield code="a">n-us-ok</subfield></datafield><datafield ind1=" " ind2="4" tag="050"><subfield code="a">E75</subfield><subfield code="b">.C52x</subfield></datafield><datafield ind1="0" ind2=" " tag="130"><subfield code="a">Cherokee advocate (Tahlequah, Okla. : 1977)</subfield></datafield><datafield ind1="1" ind2="0" tag="245"><subfield code="a">Cherokee advocate.</subfield></datafield><datafield ind1=" " ind2=" " tag="260"><subfield code="a">Tahlequah, Okla. :</subfield><subfield code="b">Cherokee Nation of Oklahoma,</subfield><subfield code="c">1977-</subfield></datafield><datafield ind1=" " ind2=" " tag="300"><subfield code="a">v.</subfield></datafield><datafield ind1=" " ind2=" " tag="310"><subfield code="a">Monthly,</subfield><subfield code="b">Oct. 1983-</subfield></datafield><datafield ind1=" " ind2=" " tag="321"><subfield code="a">Quarterly,</subfield><subfield code="b">Spring 1983-Summer 1983</subfield></datafield><datafield ind1=" " ind2=" " tag="321"><subfield code="a">Semiannual,</subfield><subfield code="b">Fall 1981-&lt;Aug. 1982&gt;</subfield></datafield><datafield ind1=" " ind2=" " tag="321"><subfield code="a">Monthly,</subfield><subfield code="b">Feb. 1977-May 1981</subfield></datafield><datafield ind1="0" ind2=" " tag="362"><subfield code="a">Vol. 1, no. 1 (Feb. 1977)-</subfield></datafield><datafield ind1="1" ind2=" " tag="362"><subfield code="a">Ceased in 2000?</subfield></datafield><datafield ind1=" " ind2=" " tag="500"><subfield code="a">Masthead title in English and Cherokee syllabary, &lt;Apr. 1978&gt;.</subfield></datafield><datafield ind1=" " ind2=" " tag="530"><subfield code="a">Also issued by subscription via the World Wide Web.</subfield></datafield><datafield ind1=" " ind2=" " tag="550"><subfield code="a">Official newsletter of the Cherokee Nation of Oklahoma.</subfield></datafield><datafield ind1=" " ind2="0" tag="650"><subfield code="a">Indians of North America</subfield><subfield code="z">Oklahoma</subfield><subfield code="v">Newspapers.</subfield></datafield><datafield ind1=" " ind2="0" tag="650"><subfield code="a">Cherokee Indians</subfield><subfield code="z">Oklahoma</subfield><subfield code="v">Newspapers.</subfield></datafield><datafield ind1=" " ind2="0" tag="651"><subfield code="a">Tahlequah (Okla.)</subfield><subfield code="v">Newspapers.</subfield></datafield><datafield ind1=" " ind2="0" tag="651"><subfield code="a">Cherokee County (Okla.)</subfield><subfield code="v">Newspapers.</subfield></datafield><datafield ind1=" " ind2="7" tag="655"><subfield code="a">Newspapers.</subfield><subfield code="2">fast</subfield><subfield code="0">(OCoLC)fst01423814</subfield></datafield><datafield ind1=" " ind2="7" tag="650"><subfield code="a">Cherokee Indians.</subfield><subfield code="2">fast</subfield><subfield code="0">(OCoLC)fst00853662</subfield></datafield><datafield ind1=" " ind2="7" tag="650"><subfield code="a">Indians of North America.</subfield><subfield code="2">fast</subfield><subfield code="0">(OCoLC)fst00969633</subfield></datafield><datafield ind1=" " ind2="7" tag="651"><subfield code="a">Oklahoma.</subfield><subfield code="2">fast</subfield><subfield code="0">(OCoLC)fst01205031</subfield></datafield><datafield ind1=" " ind2="7" tag="651"><subfield code="a">Oklahoma</subfield><subfield code="z">Cherokee County.</subfield><subfield code="2">fast</subfield><subfield code="0">(OCoLC)fst01221267</subfield></datafield><datafield ind1=" " ind2="7" tag="651"><subfield code="a">Oklahoma</subfield><subfield code="z">Tahlequah.</subfield><subfield code="2">fast</subfield><subfield code="0">(OCoLC)fst01207138</subfield></datafield><datafield ind1="1" ind2=" " tag="710"><subfield code="a">Cherokee Nation, Oklahoma.</subfield></datafield><datafield ind1=" " ind2=" " tag="752"><subfield code="a">United States</subfield><subfield code="b">Oklahoma</subfield><subfield code="c">Cherokee</subfield><subfield code="d">Tahlequah.</subfield></datafield><datafield ind1="0" ind2="4" tag="780"><subfield code="t">Cherokee Nation news</subfield><subfield code="x">0009-322X</subfield><subfield code="w">(DLC)sn 93050491</subfield><subfield code="w">(OCoLC)3080081</subfield></datafield><datafield ind1="0" ind2="4" tag="780"><subfield code="t">Cherokee voices</subfield></datafield><datafield ind1="0" ind2="0" tag="785"><subfield code="t">Cherokee phoenix and Indian advocate</subfield><subfield code="x">1540-0573</subfield><subfield code="w">(DLC)  2002211560</subfield><subfield code="w">(OCoLC)45966174</subfield></datafield><datafield ind1="4" ind2="1" tag="856"><subfield code="u">http://www.softlineweb.com/softlineweb/ethnic.htm</subfield></datafield></record>